@article{Garnett17,
author = {Garnett, Roman and Ho, Shirley and Bird, Simeon and Schneider, Jeff},
journal = {Monthly Notices of the Royal Astronomical Society},
volume = {472},
number = {2},
pages = {1850-1865},
year = {2017},
doi = {10.1093/mnras/stx1958},
URL = {http://dx.doi.org/10.1093/mnras/stx1958},
}

@book{Rasmussen2005,
 author = {Rasmussen, Carl Edward and Williams, Christopher K. I.},
 title = {Gaussian Processes for Machine Learning (Adaptive Computation and Machine Learning)},
 year = {2005},
 isbn = {026218253X},
 publisher = {The MIT Press},
} 

@book{Barber2012,
 author = {Barber, David},
 title = {Bayesian Reasoning and Machine Learning},
 year = {2012},
 isbn = {0521518148, 9780521518147},
 publisher = {Cambridge University Press},
 address = {New York, NY, USA},
} 

@Miscellaneous{Bishop2003,
author = {Bishop, Christopher and Tipping, Michael E.},
title = {Bayesian Regression and Classification},
year = {2003},
month = {January},
publisher = {IOS Press, NATO Science Series III: Computer and S},
url = {https://www.microsoft.com/en-us/research/publication/bayesian-regression-and-classification/},
pages = {267-285},
volume = {190},
edition = {Advances in Learning Theory: Methods, Models and Applications},
note = {Advances in Learning Theory: Methods, Models and Applications},
}

@book{Gelman04,
  author = {Gelman, Andrew and Carlin, John B. and Stern, Hal S. and Rubin, Donald B.},
  edition = {3rd ed.},
  keywords = {bayesian statistics},
  publisher = {Chapman and Hall/CRC},
  title = {Bayesian Data Analysis},
  year = 2014
}